<record><leader>00000cas a2200000 a 4500</leader><controlfield tag="001">1570052</controlfield><controlfield tag="008">750824c19419999nyumr ne      0   b0fre c</controlfield><datafield ind1=" " ind2=" " tag="010"><subfield code="a">   48039726 </subfield><subfield code="z">sn 92056772 </subfield><subfield code="z">sn 83045467 </subfield></datafield><datafield ind1=" " ind2=" " tag="040"><subfield code="a">MUL</subfield><subfield code="b">eng</subfield><subfield code="c">MUL</subfield><subfield code="d">PIT</subfield><subfield code="d">NYS</subfield><subfield code="d">NSD</subfield><subfield code="d">NPA</subfield><subfield code="d">NSD</subfield><subfield code="d">NVH</subfield><subfield code="d">MGN</subfield><subfield code="d">DLC</subfield><subfield code="d">NSD</subfield><subfield code="d">DLC</subfield><subfield code="d">NSD</subfield><subfield code="d">OCL</subfield><subfield code="d">NSD</subfield><subfield code="d">NYG</subfield><subfield code="d">CRL</subfield><subfield code="d">DLC</subfield><subfield code="d">CRL</subfield><subfield code="d">OCL</subfield><subfield code="d">CRL</subfield><subfield code="d">IUL</subfield><subfield code="d">DLC</subfield><subfield code="d">NYS</subfield><subfield code="d">OCLCQ</subfield><subfield code="d">IUL</subfield><subfield code="d">CDF</subfield><subfield code="d">IUL</subfield><subfield code="d">KRTAS</subfield><subfield code="d">OCLCQ</subfield><subfield code="d">IUL</subfield><subfield code="d">OCLCQ</subfield><subfield code="d">COD</subfield><subfield code="d">OCLCF</subfield><subfield code="d">GUA</subfield><subfield code="d">TCJ</subfield></datafield><datafield ind1=" " ind2=" " tag="012"><subfield code="j">1</subfield><subfield code="k">1</subfield><subfield code="m">1</subfield></datafield><datafield ind1=" " ind2=" " tag="019"><subfield code="a">3927122</subfield></datafield><datafield ind1="0" ind2=" " tag="022"><subfield code="a">0747-2757</subfield><subfield code="l">0747-2757</subfield><subfield code="z">1052-6455</subfield><subfield code="2">1</subfield></datafield><datafield ind1="1" ind2=" " tag="029"><subfield code="a">ZWZ</subfield><subfield code="b">03971392X</subfield></datafield><datafield ind1=" " ind2=" " tag="032"><subfield code="a">207680</subfield><subfield code="b">USPS</subfield></datafield><datafield ind1=" " ind2=" " tag="042"><subfield code="a">nsdp</subfield><subfield code="a">pcc</subfield></datafield><datafield ind1=" " ind2=" " tag="043"><subfield code="a">n-us-ny</subfield></datafield><datafield ind1="0" ind2="0" tag="050"><subfield code="a">AP21</subfield><subfield code="b">.F7</subfield></datafield><datafield ind1="1" ind2="0" tag="082"><subfield code="a">071</subfield><subfield code="2">12</subfield></datafield><datafield ind1="0" ind2=" " tag="130"><subfield code="a">France-Ame&#769;rique (New York, N.Y.)</subfield></datafield><datafield ind1="0" ind2=" " tag="210"><subfield code="a">Fr. Am.</subfield><subfield code="b">(N.Y.N.Y.)</subfield></datafield><datafield ind1=" " ind2="0" tag="222"><subfield code="a">France Ame&#769;rique</subfield><subfield code="b">(New York, N.Y.)</subfield></datafield><datafield ind1="1" ind2="0" tag="245"><subfield code="a">France-Ame&#769;rique.</subfield></datafield><datafield ind1="1" ind2=" " tag="246"><subfield code="i">Issues for April 2007- have subtitle:</subfield><subfield code="a">Journal franc&#807;ais des e&#769;tats-unis</subfield></datafield><datafield ind1=" " ind2=" " tag="260"><subfield code="a">New York, N.Y. :</subfield><subfield code="b">France-Ame&#769;rique Corp.</subfield></datafield><datafield ind1=" " ind2=" " tag="300"><subfield code="a">v. :</subfield><subfield code="b">ill. ;</subfield><subfield code="c">41-57 cm.</subfield></datafield><datafield ind1=" " ind2=" " tag="310"><subfield code="a">Monthly,</subfield><subfield code="b">2015-</subfield></datafield><datafield ind1=" " ind2=" " tag="321"><subfield code="a">Weekly,</subfield><subfield code="b">1941-Mar. 2007</subfield></datafield><datafield ind1=" " ind2=" " tag="321"><subfield code="a">Semimonthly (except 1 issue in August),</subfield><subfield code="b">Apr. 2007-Apr. 2008</subfield></datafield><datafield ind1=" " ind2=" " tag="321"><subfield code="a">Monthly except bimonthly in July-Aug.,</subfield><subfield code="b">&lt;May 2008&gt;-2014</subfield></datafield><datafield ind1="1" ind2=" " tag="362"><subfield code="a">Began 1941.</subfield><subfield code="z">Cf. Ayer, 1981.</subfield></datafield><datafield ind1="0" ind2=" " tag="362"><subfield code="a">-13. anne&#769;e, no 661 (12 mai 1946) ; nouv. se&#769;r., 13. anne&#769;e, no 1 (19 mai 1946)-nouv. se&#769;r., 18. anne&#769;e, no 279 (23 sept. 1951) ; nouv. se&#769;r., no 1 (30 sept. 1951)-nouv. se&#769;r., no 73 (15 fe&#769;vr. 1953) ; se&#769;r. C.F., 20. anne&#769;e, no 1 (8 mars 1953)-se&#769;r. CF, no 1002 (25 mai 1972) ; se&#769;r. d., no 1 (1. juin 1972)-se&#769;r. d., no 342 (14-20 de&#769;c. 1978) ; no 343 (21-27 de&#769;c. 1978)-no. 1815 (24-30 mars 2007); v. 1, no. 1 (12-25 avr. 2007)-</subfield></datafield><datafield ind1=" " ind2=" " tag="500"><subfield code="a">Published by Trocadero Pub. Co. New York, N.Y. E&#769;dition internationale du Figaro, a div. of La Socie&#769;te&#769; du Figaro c. 1984.</subfield></datafield><datafield ind1=" " ind2=" " tag="500"><subfield code="a">"Fonde&#769; en 1828 sous le titre 'Le Courrier des Etats-Unis'"</subfield></datafield><datafield ind1=" " ind2=" " tag="515"><subfield code="a">Issue for mai 2011 called v. 4, no 3 but constitutes v. 4, no 5.</subfield></datafield><datafield ind1=" " ind2=" " tag="530"><subfield code="a">Some articles also available online.</subfield></datafield><datafield ind1=" " ind2=" " tag="546"><subfield code="a">In French.</subfield></datafield><datafield ind1=" " ind2=" " tag="588"><subfield code="a">Description based on: 10. anne&#769;e, no 506 (23 mai 1943).</subfield></datafield><datafield ind1=" " ind2=" " tag="588"><subfield code="a">Latest issue consulted: Vol. 9, no. 1 (Jan. 2015).</subfield></datafield><datafield ind1=" " ind2="0" tag="650"><subfield code="a">French Americans</subfield><subfield code="z">New York (State)</subfield><subfield code="z">New York</subfield><subfield code="v">Newspapers.</subfield></datafield><datafield ind1=" " ind2="0" tag="651"><subfield code="a">New York (N.Y.)</subfield><subfield code="v">Newspapers.</subfield></datafield><datafield ind1=" " ind2="0" tag="651"><subfield code="a">New York County (N.Y.)</subfield><subfield code="v">Newspapers.</subfield></datafield><datafield ind1=" " ind2="7" tag="650"><subfield code="a">French Americans.</subfield><subfield code="2">fast</subfield><subfield code="0">(OCoLC)fst00934236</subfield></datafield><datafield ind1=" " ind2="7" tag="651"><subfield code="a">New York (State)</subfield><subfield code="z">New York.</subfield><subfield code="2">fast</subfield><subfield code="0">(OCoLC)fst01204333</subfield></datafield><datafield ind1=" " ind2="7" tag="651"><subfield code="a">New York (State)</subfield><subfield code="z">New York County.</subfield><subfield code="2">fast</subfield><subfield code="0">(OCoLC)fst01234953</subfield></datafield><datafield ind1=" " ind2="7" tag="655"><subfield code="a">Newspapers.</subfield><subfield code="2">fast</subfield><subfield code="0">(OCoLC)fst01423814</subfield></datafield><datafield ind1=" " ind2="4" tag="655"><subfield code="a">French language materials.</subfield></datafield><datafield ind1=" " ind2=" " tag="752"><subfield code="a">United States</subfield><subfield code="b">New York</subfield><subfield code="c">New York</subfield><subfield code="d">New York.</subfield></datafield><datafield ind1="0" ind2="0" tag="780"><subfield code="t">Courrier des Etats-Unis (New York, N.Y.)</subfield><subfield code="w">(DLC)sn 83045153</subfield><subfield code="w">(OCoLC)2259870</subfield></datafield><datafield ind1="0" ind2="5" tag="780"><subfield code="t">French American student</subfield></datafield><datafield ind1="0" ind2="5" tag="780"><subfield code="t">Victoire (New York, N.Y.)</subfield><subfield code="g">May 19, 1943</subfield><subfield code="w">(DLC)sn 83045416</subfield><subfield code="w">(OCoLC)9451688</subfield></datafield><datafield ind1="0" ind2="5" tag="780"><subfield code="t">Ame&#769;rique (New York, N.Y.)</subfield><subfield code="g">May 23, 1943</subfield><subfield code="w">(DLC)sn 83030062</subfield><subfield code="w">(OCoLC)9295267</subfield></datafield><datafield ind1="0" ind2="5" tag="780"><subfield code="t">Journal franc&#807;ais</subfield><subfield code="g">Mar. 24-30, 2007</subfield><subfield code="w">(DLC)sn 96002252</subfield><subfield code="w">(OCoLC)34852263</subfield></datafield><datafield ind1=" " ind2=" " tag="850"><subfield code="a">DLC</subfield></datafield><datafield ind1="4" ind2="1" tag="856"><subfield code="u">http://bibpurl.oclc.org/web/39773</subfield><subfield code="u">http://www.france-amerique.com</subfield></datafield><datafield ind1="2" ind2="0" tag="891"><subfield code="9">853</subfield><subfield code="8">1</subfield><subfield code="a">v.</subfield><subfield code="b">no.</subfield><subfield code="u">23</subfield><subfield code="v">r</subfield><subfield code="i">(year)</subfield><subfield code="j">(month)</subfield><subfield code="k">(day)</subfield><subfield code="w">s</subfield><subfield code="x">04</subfield></datafield><datafield ind1="4" ind2="1" tag="891"><subfield code="9">863</subfield><subfield code="8">1.1</subfield><subfield code="a">1</subfield><subfield code="b">1</subfield><subfield code="i">2007</subfield><subfield code="j">04</subfield><subfield code="k">12/25</subfield></datafield><datafield ind1=" " ind2=" " tag="938"><subfield code="a">Kirtas Technologies, Inc.</subfield><subfield code="b">KRTS</subfield><subfield code="n">954123</subfield></datafield></record>